@book{phillips2020gamer,
  title={Gamer Trouble},
  author={Phillips, Amanda},
  year={2020},
  publisher={New York University Press}
}

@article{keyes2021you,
  title={You Keep Using That Word: Ways of Thinking about Gender in Computing Research},
  author={Keyes, Os and May, Chandler and Carrell, Annabelle},
  journal={Proceedings of the ACM on Human-Computer Interaction},
  year={2021},
}

@inproceedings{buolamwini2018gender,
  title={Gender shades: Intersectional accuracy disparities in commercial gender classification},
  author={Buolamwini, Joy and Gebru, Timnit},
  booktitle={Conference on fairness, accountability and transparency},
  year={2018},
}

@article{santamaria2018comparison,
  title={Comparison and benchmark of name-to-gender inference services},
  author={Santamar{\'\i}a, Luc{\'\i}a and Mihaljevi{\'c}, Helena},
  journal={PeerJ Computer Science},
  year={2018},
}

@article{keyes2018misgendering,
  title={The misgendering machines: Trans/HCI implications of automatic gender recognition},
  author={Keyes, Os},
  journal={Proceedings of the ACM on human-computer interaction},
  year={2018},
}

@misc{googlegender,
    author = "{Google}",
    title = {{Ethics in Action: Removing Gender Labels from Cloud's Vision API}},
    howpublished = {\url{https://diversity.google/story/ethics-in-action-removing-gender-labels-from-clouds-vision-api/}},
    note = {Online; accessed 20 January 2022} ,
    year=2020,
}

@misc{metahuman,
    author = "{Unreal Engine}",
    title = {{Digital Humans | Metahuman Creator}},
    howpublished = {\url{https://www.unrealengine.com/en-US/digital-humans/}},
    note = {Online; accessed 20 January 2022} ,
    year=2021,
}

@article{changingroom,
  author  = {Laura Silver},
  date    = {2017-11-07},
  year    = 2017,
  title   = {Topshop Refused To Let A Trans Person Into An All-Gender Changing Room},
  journal = {BuzzFeed News},
}

@article{chen2021synthetic,
  title={Synthetic data in machine learning for medicine and healthcare},
  author={Chen, Richard J and Lu, Ming Y and Chen, Tiffany Y and Williamson, Drew FK and Mahmood, Faisal},
  journal={Nature Biomedical Engineering},
  pages={1--5},
  year={2021},
  publisher={Nature Publishing Group},
}

@article{cars,
  author  = {Yashar Behzadi},
  date    = {2021-09-30},
  year    = 2021,
  title   = {Synthetic data to play a real role in enabling ADAS and autonomy},
  journal = {Automotive World},
}

@article{dhs,
  author  = {Tim Brewer},
  date    = {2020-09-01},
  year    = 2020,
  title   = {DHS Awards \$1 Million to Support Machine Learning Development for Airport Security},
  journal = {Synthetik Applied Technologies Blog},
}

@article{acmdei,
  author  = {ACM SIGGRAPH},
  year    = 2022,
  title   = {Diversity, Equity and Inclusion},
  journal = {Synthetik Applied Technologies Blog},
  url = {https://www.siggraph.org/connect/diversity-and-inclusion/},
}

@article{butler2003gender,
  title={Gender trouble},
  author={Butler, Judith},
  journal={Continental feminism reader},
  pages={29--56},
  year={2003}
}

@book{fausto2012sex,
  title={Sex/gender: Biology in a social world},
  author={Fausto-Sterling, Anne},
  year={2012},
  publisher={Routledge}
}

@book{tsa,
  title     = "Going Stealth: Transgender Politics and U.S. Surveillance Practices",
  author    = "Beauchamp, Toby",
  year      = 2019,
  publisher = "Duke University Press",
  address   = "Chapel Hill, NC"
}